@article{collier2016,
  author       = {Justine Collier},
  title        = {Cell cycle control in Alphaproteobacteria},
  journal      = {Curr. Opin. Microbiol.},
  volume       = 30,
  pages        = {107 - 113},
  year         = 2016,
  doi          = {https://doi.org/10.1016/j.mib.2016.01.010},
}

@article{berne2019,
  author       = {Berne, C{\'e}cile and Brun, Yves V.},
  title        = {The Two Chemotaxis Clusters in Caulobacter
    crescentus Play Different Roles in Chemotaxis and Biofilm
    Regulation},
  journal      = {J. Bacteriol.},
  volume       = 201,
  pages        = {e00071-19},
  year         = 2019,
  doi          = {10.1128/JB.00071-19},
}

@article{fiebig2014,
  author       = {Fiebig, Aretha AND Herrou, Julien AND Fumeaux,
    Coralie AND Radhakrishnan, Sunish K. AND Viollier, Patrick H. AND
    Crosson, Sean},
  title        = {A Cell Cycle and Nutritional Checkpoint Controlling
    Bacterial Surface Adhesion},
  journal      = {PLOS Genet.},
  volume       = 10,
  pages        = {1-14},
  year         = 2014,
  doi          = {10.1371/journal.pgen.1004101},
}

@article{purcell2007,
  author       = {Purcell, Erin B. and Siegal-Gaskins, Dan and
    Rawling, David C. and Fiebig, Aretha and Crosson, Sean},
  title        = {A photosensory two-component system regulates
    bacterial cell attachment},
  journal      = {Proc. Natl. Acad. Sci. U. S. A.},
  volume       = 104,
  pages        = {18241--18246},
  year         = 2007,
  doi          = {10.1073/pnas.0705887104},
}

@article{lasker2016,
  author       = {Keren Lasker and Thomas H Mann and Lucy Shapiro},
  title        = {An intracellular compass spatially coordinates cell
    cycle modules in Caulobacter crescentus},
  journal      = {Curr. Opin. Microbiol.},
  volume       = 33,
  pages        = {131 - 139},
  year         = 2016,
  doi          = {https://doi.org/10.1016/j.mib.2016.06.007},
}

@article{mouammine2018,
  author       = {Mouammine, Annabelle and Collier, Justine},
  title        = {The impact of DNA methylation in Alphaproteobacteria},
  journal      = {Mol. Microbiol.},
  volume       = 110,
  pages        = {1-10},
  year         = 2018,
  doi          = {10.1111/mmi.14079},
}

@article{murray2013,
  author       = {Murray, Seán M. AND Panis, Gaël AND Fumeaux, Coralie
    AND Viollier, Patrick H. AND Howard, Martin},
  title        = {Computational and Genetic Reduction of a Cell Cycle
    to Its Simplest, Primordial Components},
  journal      = {PLOS Biol.},
  volume       = 11,
  pages        = {1-16},
  year         = 2013,
  doi          = {10.1371/journal.pbio.1001749},
}

@article{fumeaux2014,
  author       = {Fumeaux, Coralie and Radhakrishnan, Sunish Kumar and
    Ardissone, Silviaand Theraulaz, Laurence and Frandi, Antonio and
    Martins, Daniel andNesper, Jutta and Abel, Soeren and Jenal, Urs
    and Viollier, Patrick H.},
  title        = {Cell cycle transition from S-phase to G1 in
    Caulobacter is mediated byancestral virulence regulators},
  journal      = {Nat. Commun.},
  volume       = 5,
  pages        = 4081,
  year         = 2014,
  doi          = {10.1038/ncomms5081},
}

@article{frandi2019,
  author       = {Frandi, Antonio and Collier, Justine},
  title        = {Multilayered control of chromosome replication in
    Caulobacter crescentus},
  journal      = {Biochem. Soc. Trans.},
  volume       = 47,
  pages        = {187-196},
  year         = 2019,
  doi          = {10.1042/BST20180460},
}

@article{jonas2011,
  author       = {Kristina Jonas and Y. Erin Chen and Michael T. Laub},
  title        = {Modularity of the Bacterial Cell Cycle Enables
    Independent Spatial and Temporal Control of DNA Replication},
  journal      = {Curr. Biol.},
  volume       = 21,
  pages        = {1092 - 1101},
  year         = 2011,
  doi          = {https://doi.org/10.1016/j.cub.2011.05.040},
}

@article{felletti2019,
  author       = {Michele Felletti and Deike J. Omnus and Kristina
    Jonas},
  title        = {Regulation of the replication initiator DnaA in
    Caulobacter crescentus},
  journal      = {Biochim. Biophys. Acta, Gene Regul. Mech.},
  volume       = 1862,
  pages        = {697 - 705},
  year         = 2019,
  doi          = {https://doi.org/10.1016/j.bbagrm.2018.01.004},
}

@article{hallez2017,
  author       = {Hallez, Regis and Delaby, Marie and Sanselicio,
    Stefano and Viollier},
  title        = {Hit the right spots: cell cycle control by
    phosphorylated guanosines in},
  journal      = {Nat. Rev. Microbiol.},
  volume       = 15,
  pages        = {137-148},
  year         = 2017,
  doi          = {10.1038/nrmicro.2016.183},
}

@article{collier2019,
  author       = {Justine Collier},
  title        = {Cell division control in Caulobacter crescentus},
  journal      = {Biochim. Biophys. Acta, Gene Regul. Mech.},
  volume       = 1862,
  pages        = {685 - 690},
  year         = 2019,
  doi          = {https://doi.org/10.1016/j.bbagrm.2018.04.005},
}

@inbook{subramanian2017,
  author       = {Subramanian, Kartik and Tyson, John J.},
  editor       = {Tassan, Jean-Pierre and Kubiak, Jacek Z.},
  title        = {Spatiotemporal Models of the Asymmetric Division
    Cycle of Caulobacter crescentus},
  booktitle    = {Asymmetric Cell Division in Development,
    Differentiation and Cancer},
  year         = 2017,
  isbn         = {978-3-319-53150-2},
  pages        = {23--48},
  doi          = {10.1007/978-3-319-53150-2_2},
  publisher    = {Springer International Publishing},
  address      = {Cham},
}

@article{kirkpatrick2012,
  author       = {Kirkpatrick, Clare L. and Viollier, Patrick H.},
  title        = {Decoding Caulobacter development},
  journal      = {FEMS Microbiol. Rev.},
  volume       = 36,
  pages        = {193-205},
  year         = 2012,
  doi          = {10.1111/j.1574-6976.2011.00309.x},
}

@article{subramanian2015,
  author       = {Subramanian, Kartik AND Paul, Mark R. AND Tyson,
    John J.},
  title        = {Dynamical Localization of DivL and PleC in the
    Asymmetric Division Cycle of Caulobacter crescentus: A Theoretical
    Investigation of Alternative Models},
  journal      = {PLoS Comput. Biol.},
  volume       = 11,
  pages        = {1-27},
  year         = 2015,
  doi          = {10.1371/journal.pcbi.1004348},
}

@article{iyer-biswas2014,
  author       = {Iyer-Biswas, Srividya and Wright, Charles S. and
    Henry, Jonathan T. and Lo, Klevin and Burov, Stanislav and Lin,
    Yihan and Crooks, Gavin E. and Crosson, Sean and Dinner, Aaron R.
    and Scherer, Norbert F.},
  title        = {Scaling laws governing stochastic growth and
    division of single bacterial cells},
  journal      = {Proc. Natl. Acad. Sci. U. S. A.},
  volume       = 111,
  pages        = {15912--15917},
  year         = 2014,
  doi          = {10.1073/pnas.1403232111},
}

@article{wright2015,
  author       = {Wright, Charles S. and Banerjee, Shiladitya and
    Iyer-Biswas, Srividyaand Crosson, Sean and Dinner, Aaron R. and
    Scherer, Norbert F.},
  title        = {Intergenerational continuity of cell shape dynamics
    in Caulobactercrescentus},
  journal      = {Sci. Rep.},
  volume       = 5,
  pages        = 9155,
  year         = 2015,
  doi          = {10.1038/srep09155},
}

@article{banerjee2017,
  author       = {Banerjee, Shiladitya and Lo, Klevin and Daddysman,
    Matthew K. and},
  title        = {Biphasic growth dynamics control cell division in
    Caulobacter crescentus},
  journal      = {Nat. Microbiol.},
  volume       = 2,
  pages        = 17116,
  year         = 2017,
  doi          = {10.1038/nmicrobiol.2017.116},
}